@article{Matsen:2002do,
  author        = {Matsen, M W},
  bdsk-url-1    = {http://dx.doi.org/10.1088/0953-8984/14/2/201},
  date-modified = {2015-08-11 16:32:27 +0000},
  journaltitle  = {Journal of Physics: Condensed Matter},
  month         = {dec},
  number        = {2},
  pages         = {R21--R47},
  publisher     = {{IOP} Publishing},
  title         = {The standard Gaussian model for block copolymer melts},
  volume        = {14},
  year          = {2001},
}

@booklet{Sauter:9_WoPZ0Y,
  author = {Sauter, S A and Schwab, C},
  title  = {{Boundary element methods, volume 39 of Springer Series in Computational Mathematics}},
  year   = {2011},
}

@book{Strauss:2007vz,
  author    = {Strauss, Walter A},
  month     = {12},
  publisher = {Wiley Global Education},
  title     = {{Partial Differential Equations: An Introduction, 2nd Edition}},
  year      = {2007},
}

@book{Quarteroni:2009hp,
  author    = {Quarteroni, Alfio and Valli, Alberto},
  month     = {02},
  publisher = {Springer Science {\&} Business Media},
  title     = {{Numerical Approximation of Partial Differential Equations}},
  year      = {2009},
}

@book{Press:2007:NRE:1403886,
  author    = {Press, William H. and Teukolsky, Saul A. and Vetterling, William T. and Flannery, Brian P.},
  edition   = {3},
  isbn      = {0521880688, 9780521880688},
  location  = {New York, NY, USA},
  publisher = {Cambridge University Press},
  title     = {Numerical Recipes 3rd Edition: The Art of Scientific Computing},
  year      = {2007},
}

@article{Mayerhofer:2014vx,
  author       = {Mayerhofer, A. and Urban, K.},
  eprint       = {1408.2709v1},
  eprintclass  = {math.NA},
  eprinttype   = {arxiv},
  journaltitle = {arXiv.org},
  month        = {08},
  title        = {{A Reduced Basis Method for Parabolic Partial Differential Equations with Parameter Functions and Application to Option Pricing}},
  year         = {2014},
}

@article{Dahmen:2014cl,
  author       = {Dahmen, Wolfgang and Plesken, Christian and Welper, Gerrit},
  journaltitle = {Esaim-Mathematical Modelling and Numerical Analysis-Modelisation Mathematique Et Analyse Numerique},
  month        = {05},
  number       = {3},
  pages        = {623--663},
  title        = {{Double Greedy Algorithms: Reduced Basis Methods for Transport Dominated Problems}},
  volume       = {48},
  year         = {2014},
}

