
@article{Babuska:1989bf,
author = {Babu{\v s}ka, Ivo and Janik, Tadeusz},
title = {{The $h$-p version of the finite element method for parabolic equations. I. The p-version in time}},
journal = {Numerical Methods for Partial Differential Equations. An International Journal},
year = {1989},
volume = {5},
number = {4},
pages = {363--399}
}


@article{Urban:2014kg,
author = {Urban, Karsten and Patera, Anthony T},
title = {{An improved error bound for reduced basis approximation of linear parabolic problems}},
journal = {Mathematics of Computation},
year = {2014},
volume = {83},
number = {288},
pages = {1599--1615},
annote = {Modifizierte Berechnung der inf-sup-Konstante und Beispiel anhand der Heat-Equation.}
}

@article{Stasiak:2011ba,
author = {Stasiak, Pawel and Matsen, Mark W},
title = {{Efficiency of pseudo-spectral algorithms with Anderson mixing for the SCFT of periodic block-copolymer phases}},
journal = {The European Physical Journal E},
year = {2011}
}

@booklet{Aziz:2014wf,
title = {{Mathematical foundations of the finite element method with applications to partial differential equations. Proceedings of a symposium held at Baltimore, {\ldots}}},
author = {Aziz, A K},
year = {1972}
}

@book{Dautray:1992by,
author = {Dautray, Robert and Lions, Jacques-Louis},
title = {{Mathematical analysis and numerical methods for science and technology. Vol. 5}},
publisher = {Springer-Verlag, Berlin},
year = {1992},
address = {Berlin, Heidelberg}
}

@article{Schwab:2009ec,
author = {Schwab, Christoph and Stevenson, Rob},
title = {{Space-time adaptive wavelet methods for parabolic evolution problems}},
journal = {Mathematics of Computation},
year = {2009},
volume = {78},
number = {267},
pages = {1293--1318},
annote = {Enth{\"a}lt Beweis zu Existenz / Eindeutigkeit einer L{\"o}sung f{\"u}r die Space-Time-Variational-Formulierung einer parabolischen PDE, sowie eine Absch{\"a}tzung f{\"u}r die inf-sup-Konstante.}
}

@article{Kunoth:2013ef,
author = {Kunoth, Angela and Schwab, Christoph},
title = {{Analytic Regularity and GPC Approximation for Control Problems Constrained by Linear Parametric Elliptic and Parabolic PDEs}},
journal = {SIAM Journal on Control and Optimization},
year = {2013},
volume = {51},
number = {3},
pages = {2442--2471},
month = may
}

@book{HankeBourgeois:2009fk,
author = {Hanke-Bourgeois, Martin},
title = {{Grundlagen der Numerischen Mathematik und des Wissenschaftlichen Rechnens}},
publisher = {Springer-Verlag},
year = {2009},
address = {Wiesbaden},
month = may
}

